@manual{oetiket2007lshort,
  author = {Oetiket, T. and Partl, H. and Hyna and Schlegl, E.},
  title = {The not-so-short introduction to Latex},
  url = {http://www.ctan.org/tex-archive/info/lshort/english/lshort.pdf},
}

@manual{downes2002shortams,
  title = {{Short Math Guide for \LaTeX{}}},
  author = {Downes,, Michael},
  organization = {American Mathematical Society},
  year = {2002},
  url = {ftp://ftp.ams.org/pub/tex/doc/amsmath/short-math-guide.pdf},
}

@book{ungar2002uvod,
  author = {Šime Ungar},
  title = {{Uvod u \TeX{} s naglaskom na \LaTeX 2$\epsilon$}},
  publisher = {Odjel za matematiku, Sveučilište J.J.\ Strossmayera u Osijeku},
  year = {2002},
}

@online{postgressjson,
  url = {https://www.postgresql.org/docs/9.5/functions-json.html},
  author = {PostgreSQL},
  journal = {PostgreSQL Documentation},
  title = {JSON Functions and Operators},
  year = {2021},
  month = {Feb},
  urldate = {2023-05-10},
}

@online{meta2022davanzo,
  url = {
         https://www.ombulabs.com/blog/javascript/what-is-a-javascript-meta-framework.html
         },
  author = {Lewis D'Avanzo},
  title = {What is a JavaScript Meta-framework?},
  year = {2022},
  urldate = {2023-05-10},
}

@online{ryan2023signal,
  url = {
         https://dev.to/this-is-learning/the-evolution-of-signals-in-javascript-8ob
         },
  author = {Ryan Cariato},
  title = {The Evolution of Signals in JavaScript},
  year = {2023},
  urldate = {2023-05-10},
}

@online{ryan2021reactivity,
  url = {
    https://dev.to/ryansolid/a-hands-on-introduction-to-fine-grained-reactivity-3ndf
         },
  author = {Ryan Carniato},
  title = {A Hands-on Introduction to Fine-Grained Reactivity},
  year = {2021},
  urldate = {2023-05-10},
}

@online{serverless2022,
  url = {
    https://www.serverless.com/blog/serverless-architecture
         },
  author = {Gareth McCumskey},
  title = {A Guide to Serverless Architecture},
  year = {2022},
  urldate = {2023-05-10},
}

